<?xml version="1.0" encoding="UTF-8"?><collection xmlns="http://www.loc.gov/MARC21/slim"><record><leader>00452nam--2200157-i-4500</leader><controlfield tag="001">000020704</controlfield><controlfield tag="002">20161230</controlfield><controlfield tag="005">20161230201033</controlfield><controlfield tag="008">060222s1000------------r-----000-0-eng-d</controlfield><datafield ind1=" " ind2=" " tag="020"><subfield code="a">981-02-1</subfield></datafield><datafield ind1=" " ind2=" " tag="080"><subfield code="a">530.182:517.957</subfield></datafield><datafield ind1=" " ind2=" " tag="100"><subfield code="a">Kadanoff, Leo P</subfield></datafield><datafield ind1=" " ind2=" " tag="245"><subfield code="a">From osrder to chaos. esaays:critical, chaotic and otherwise</subfield></datafield><datafield ind1=" " ind2=" " tag="260"><subfield code="a">London, World Scientific, 1993. 555 P</subfield></datafield><datafield ind1=" " ind2=" " tag="490"><subfield code="a">World Scientific Series On Nonlinear Science</subfield></datafield><datafield ind1=" " ind2=" " tag="852"><subfield code="a">80599</subfield></datafield></record></collection>